@article{Domingos2012,
    title = {{A few useful things to know about machine learning}},
    year = {2012},
    journal = {Communications of the ACM},
    author = {Domingos, Pedro and {Pedro}},
    number = {10},
    month = {10},
    pages = {78},
    volume = {55},
    publisher = {ACM},
    url = {http://dl.acm.org/citation.cfm?doid=2347736.2347755},
    doi = {10.1145/2347736.2347755},
    issn = {00010782}
}

@article{Dias2016,
    title = {{A review of wind turbine bearing condition monitoring: State of the art and challenges}},
    year = {2016},
    journal = {Renewable and Sustainable Energy Reviews},
    author = {Dias, Henrique and De Azevedo, Machado and Ara{\'{u}}jo, Alex Maurício and Bouchonneau, Nadège},
    pages = {368--379},
    volume = {56},
    url = {https://ac.els-cdn.com/S1364032115012976/1-s2.0-S1364032115012976-main.pdf?_tid=1d730dd0-e315-11e7-bb73-00000aab0f6c&acdnat=1513506729_c4b5bddcd08d86d2be8afe542577200e},
    doi = {10.1016/j.rser.2015.11.032},
    keywords = {Condition monitoring, Fault detection, Future challenges, Rolling element bearing, State-of-the-art, Wind turbines}
}

@article{Kohavi1995,
    title = {{A Study of Cross-Validation and Bootstrap for Accuracy Estimation and Model Selection}},
    year = {1995},
    author = {Kohavi, Ron},
    url = {http://robotics.stanford.edu/~ronnyk}
}

@article{Kingma,
    title = {{ADAM: A METHOD FOR STOCHASTIC OPTIMIZATION}},
    author = {Kingma, Diederik P and Ba, Jimmy Lei},
    url = {https://arxiv.org/pdf/1412.6980v8.pdf}
}

@article{Duchi2011,
    title = {{Adaptive Subgradient Methods for Online Learning and Stochastic Optimization *}},
    year = {2011},
    journal = {Journal of Machine Learning Research},
    author = {Duchi, John and Edu, Jduchi@cs Berkeley and Hazan, Elad and Singer, Yoram},
    pages = {2121--2159},
    volume = {12},
    url = {http://www.jmlr.org/papers/volume12/duchi11a/duchi11a.pdf},
    keywords = {adaptivity, online learning, stochastic convex optimization, subgradient methods}
}

@article{Nga,
    title = {{CS229 Lecture Notes Deep Learning}},
    year = {2017},
    author = {Ng, Andrew},
    url = {http://cs229.stanford.edu/notes/cs229-notes-deep_learning.pdf}
}

@article{Ng,
    title = {{CS229: Additional Notes on Backpropagation}},
    year = {2017},
    author = {Ng, Andrew},
    url = {http://cs229.stanford.edu/notes/cs229-notes-backprop.pdf}
}

@article{Scholkopf2001,
    title = {{Estimating the Support of a High-Dimensional Distribution}},
    year = {2001},
    journal = {Neural Computation},
    author = {Sch{\"{o}}lkopf, Bernhard and Platt, John C. and Shawe-Taylor, John and Smola, Alex J. and Williamson, Robert C.},
    number = {7},
    month = {7},
    pages = {1443--1471},
    volume = {13},
    publisher = { MIT Press  238 Main St., Suite 500, Cambridge, MA 02142-1046 USA journals-info@mit.edu  },
    url = {http://www.mitpressjournals.org/doi/10.1162/089976601750264965},
    doi = {10.1162/089976601750264965},
    issn = {0899-7667}
}

@article{Gola2012,
    title = {{Improving Management and Control of Drilling Operations with Artificial Intelligence}},
    year = {2012},
    journal = {SPE Intelligent Energy {\ldots}},
    author = {Gola, Giulio and Nybo, R and Sui, D and Roverso, D},
    number = {March},
    pages = {1--7},
    url = {https://www.onepetro.org/conference-paper/SPE-150201-MS},
    isbn = {9781618399311},
    doi = {10.2118/150201-MS}
}

@incollection{Kim2017,
    title = {{Introduction}},
    year = {2017},
    booktitle = {Prognostics and Health Management of Engineering Systems},
    author = {Kim, Nam-Ho and An, Dawn and Choi, Joo-Ho},
    pages = {1--24},
    publisher = {Springer International Publishing},
    url = {http://link.springer.com/10.1007/978-3-319-44742-1_1},
    address = {Cham},
    doi = {10.1007/978-3-319-44742-1{\_}1}
}

@article{Korkov1992,
    title = {{Kolmogorov's Theorem and Multilayer Neural Networks}},
    year = {1992},
    author = {Korkov{\~{}}, V~ra},
    pages = {501--506},
    volume = {5},
    url = {https://ac.els-cdn.com/0893608092900128/1-s2.0-0893608092900128-main.pdf?_tid=966cf7d8-cad2-11e7-bbab-00000aab0f6c&acdnat=1510839329_ec0e83cebae14e704b46d386e6522adc}
}

@article{Joachims1998,
    title = {{Making large-scale SVM learning practical}},
    year = {1998},
    author = {Joachims, Thorsten},
    publisher = {Dortmund: SFB 475, Universit{\"{a}}t Dortmund},
    url = {https://www.econstor.eu/handle/10419/77178},
    keywords = {310}
}

@article{Choudhury2005,
    title = {{Modelling valve stiction}},
    year = {2005},
    journal = {Control Engineering Practice},
    author = {Choudhury, $ M A A Shoukat and Thornhill, N F and Shah, S L},
    pages = {641--658},
    volume = {13},
    url = {https://ac.els-cdn.com/S0967066104001145/1-s2.0-S0967066104001145-main.pdf?_tid=c75b9a5c-bfdd-11e7-b665-00000aab0f26&acdnat=1509634671_d40835e745492fd86ead5ddce1a6aed9},
    doi = {10.1016/j.conengprac.2004.05.005},
    keywords = {Backlash, Coulomb friction, Deadband, Deadzone, Hysteresis, Process control, Slip jump, Stickband, Stiction, Viscous friction}
}

@article{Halbertwhite,
    title = {{Multilayer Feedforward Networks are Universal Approximators}},
    journal = {Neural Networks},
    author = {Halbertwhite, Maxwell~tinchcombe And},
    pages = {35--366},
    volume = {2},
    url = {https://ac.els-cdn.com/0893608089900208/1-s2.0-0893608089900208-main.pdf?_tid=2bf292d4-cae4-11e7-ab6e-00000aacb361&acdnat=1510846880_49ac579d7917cbe9b59e14659f1c357e},
    keywords = {-Feedforward networks, Back-propagation networks, Mapping networks, Network representation capability, Sigma-Pi networks, Stone-Weierstrass Theorem Squashing functions, Universal approximation}
}

@article{Baldi1989,
    title = {{Neural Networks and Principal Component Analysis: Learning from Examples Without Local Minima}},
    year = {1989},
    journal = {Neural Networks},
    author = {Baldi, Pierre and Hornik, Kurt},
    pages = {53--58},
    volume = {2},
    url = {https://ac.els-cdn.com/0893608089900142/1-s2.0-0893608089900142-main.pdf?_tid=104bc7f4-d038-11e7-88d7-00000aacb35f&acdnat=1511432667_42d620ab61954044a9c22d5eed2dc6f1},
    keywords = {-Neural networks, Back propagation, Learning, Principal component analysis}
}

@article{Sutskever,
    title = {{On the importance of initialization and momentum in deep learning}},
    author = {Sutskever, Ilya and Martens, James and Dahl, George and Hinton, Geo↵rey},
    url = {http://proceedings.mlr.press/v28/sutskever13.pdf}
}

@article{Manevitz2007,
    title = {{One-class document classification via Neural Networks}},
    year = {2007},
    journal = {Neurocomputing},
    author = {Manevitz, Larry and Yousef, Malik},
    pages = {1466--1481},
    volume = {70},
    url = {http://cs.haifa.ac.il/~manevitz/Publication/One-class document classification via Neural Networks.pdf},
    doi = {10.1016/j.neucom.2006.05.013}
}

@article{Hawkins,
    title = {{Outlier Detection Using Replicator Neural Networks}},
    author = {Hawkins, Simon and He, Hongxing and Williams, Graham and Baxter, Rohan},
    url = {http://citeseerx.ist.psu.edu/viewdoc/download?doi=10.1.1.12.3366&rep=rep1&type=pdf}
}

@book{ChristopherM.Bishop,
    title = {{Pattern recognition and machine learning}},
    author = {{Christopher M. Bishop}},
    url = {http://users.isr.ist.utl.pt/~wurmd/Livros/school/Bishop - Pattern Recognition And Machine Learning - Springer  2006.pdf}
}

@article{BergstraJAMESBERGSTRA2012,
    title = {{Random Search for Hyper-Parameter Optimization}},
    year = {2012},
    journal = {Journal of Machine Learning Research},
    author = {Bergstra JAMESBERGSTRA, James and Yoshua Bengio YOSHUABENGIO, Umontrealca},
    pages = {281--305},
    volume = {13},
    url = {http://www.jmlr.org/papers/volume13/bergstra12a/bergstra12a.pdf},
    keywords = {deep learning, global optimization, model selection, neural networks, response surface modeling}
}

@article{Hernandez1998,
    title = {{Real-world Data is Dirty: Data Cleansing and The Merge/Purge Problem}},
    year = {1998},
    journal = {Data Mining and Knowledge Discovery},
    author = {Hern{\'{a}}ndez, Mauricio A. and Stolfo, Salvatore J.},
    number = {1},
    pages = {9--37},
    volume = {2},
    publisher = {Kluwer Academic Publishers},
    url = {http://link.springer.com/10.1023/A:1009761603038},
    doi = {10.1023/A:1009761603038},
    issn = {13845810}
}

@article{Hernandez1998b,
    title = {{Real-world Data is Dirty: Data Cleansing and The Merge/Purge Problem}},
    year = {1998},
    journal = {Data Mining and Knowledge Discovery},
    author = {Hern{\'{a}}ndez, Mauricio A and Stolfo, Salvatore J},
    number = {1},
    pages = {9--37},
    volume = {2},
    publisher = {Kluwer Academic Publishers},
    url = {http://link.springer.com/10.1023/A:1009761603038},
    doi = {10.1023/A:1009761603038},
    issn = {13845810}
}

@article{Hastie,
    title = {{Springer Series in Statistics The Elements of Statistical Learning The Elements of Statistical Learning}},
    author = {Hastie, Trevor and Tibshirani, Robert and Friedman, Jerome},
    url = {https://web.stanford.edu/~hastie/Papers/ESLII.pdf}
}

@techreport{Energi21,
    title = {{Strategi 2014, del 2}},
    year = {2014},
    author = {{Energi21}},
    url = {https://www.forskningsradet.no/no/Publikasjon/Energi_21_strategi_2014__Del_2/1253998081130?lang=no}
}

@article{Tax2004,
    title = {{Support Vector Data Description}},
    year = {2004},
    journal = {Machine Learning},
    author = {Tax, David M J and Fisher, Douglas},
    pages = {45--66},
    volume = {54},
    url = {https://link.springer.com/content/pdf/10.1023%2FB%3AMACH.0000008084.60811.49.pdf},
    keywords = {novelty detection, one-class classification, outlier detection, support vector classifier, support vector data description}
}

@article{Tax2004a,
    title = {{Support Vector Data Description}},
    year = {2004},
    journal = {Machine Learning},
    author = {Tax, David M J and Fisher, Douglas},
    pages = {45--66},
    volume = {54},
    url = {http://mediamatica.ewi.tudelft.nl/sites/default/files/ML_SVDD_04.pdf},
    keywords = {novelty detection, one-class classification, outlier detection, support vector classifier, support vector data description}
}

@article{Abadi,
    title = {{TensorFlow: Large-Scale Machine Learning on Heterogeneous Distributed Systems}},
    author = {Abadi, Martín and Agarwal, Ashish and Barham, Paul and Brevdo, Eugene and Chen, Zhifeng and Citro, Craig and Corrado, Greg S and Davis, Andy and Dean, Jeffrey and Devin, Matthieu and Ghemawat, Sanjay and Goodfellow, Ian and Harp, Andrew and Irving, Geoffrey and Isard, Michael and Jia, Yangqing and Jozefowicz, Rafal and Kaiser, Lukasz and Kudlur, Manjunath and Levenberg, Josh and Man{\'{e}}, Dan and Monga, Rajat and Moore, Sherry and Murray, Derek and Olah, Chris and Schuster, Mike and Shlens, Jonathon and Steiner, Benoit and Sutskever, Ilya and Talwar, Kunal and Tucker, Paul and Vanhoucke, Vincent and Vasudevan, Vijay and Vi{\'{e}}gas, Fernanda and Vinyals, Oriol and Warden, Pete and Wattenberg, Martin and Wicke, Martin and Yu, Yuan and Zheng, Xiaoqiang and Research, Google},
    url = {https://arxiv.org/pdf/1603.04467.pdf}
}

@article{Davis,
    title = {{The Relationship Between Precision-Recall and ROC Curves}},
    author = {Davis, Jesse and Goadrich, Mark},
    url = {http://pages.cs.wisc.edu/~jdavis/davisgoadrichcamera2.pdf}
}

@inproceedings{Davis2006,
    title = {{The relationship between Precision-Recall and ROC curves}},
    year = {2006},
    booktitle = {Proceedings of the 23rd international conference on Machine learning  - ICML '06},
    author = {Davis, Jesse and Goadrich, Mark},
    pages = {233--240},
    publisher = {ACM Press},
    url = {http://portal.acm.org/citation.cfm?doid=1143844.1143874},
    address = {New York, New York, USA},
    isbn = {1595933832},
    doi = {10.1145/1143844.1143874}
}

@article{Wolfe1959,
    title = {{The Simplex Method for Quadratic Programming}},
    year = {1959},
    journal = {Econometrica},
    author = {Wolfe, Philip and Tucker, A. W.},
    number = {3},
    month = {7},
    pages = {382},
    volume = {27},
    publisher = {The Technology Press of The Massachusetts Institute of Technology, Cambridge, Mass.},
    url = {http://www.jstor.org/stable/1909468?origin=crossref},
    doi = {10.2307/1909468},
    issn = {00129682}
}

@article{Collobert,
    title = {{Trading Convexity for Scalability}},
    author = {Collobert, Ronan and Sinz, Fabian and Weston, Jason and Bottou, Léon},
    url = {http://delivery.acm.org/10.1145/1150000/1143870/p201-collobert.pdf?ip=129.241.187.53&id=1143870&acc=ACTIVE SERVICE&key=CDADA77FFDD8BE08.5386D6A7D247483C.4D4702B0C3E38B35.4D4702B0C3E38B35&CFID=832816127&CFTOKEN=92573539&__acm__=1511432934_9135dee02b5971768}
}

@article{Dozat,
    title = {{Workshop track -ICLR 2016 INCORPORATING NESTEROV MOMENTUM INTO ADAM}},
    author = {Dozat, Timothy},
    url = {https://openreview.net/pdf?id=OM0jvwB8jIp57ZJjtNEZ}
}

@article{SakuradaAnomalyReduction,
    title = {{Anomaly Detection Using Autoencoders with Nonlinear Dimensionality Reduction}},
    author = {Sakurada, Mayu and Yairi, Takehisa},
    url = {http://delivery.acm.org/10.1145/2690000/2689747/p4-Sakurada.pdf?ip=129.241.187.53&id=2689747&acc=ACTIVE%20SERVICE&key=CDADA77FFDD8BE08%2E5386D6A7D247483C%2E4D4702B0C3E38B35%2E4D4702B0C3E38B35&CFID=1017423379&CFTOKEN=89893174&__acm__=1513507205_e86eb51f725e21a4c243354fb979378b},
    doi = {10.1145/2689746.2689747},
    keywords = {I54 [Pattern recognition], au-toencoder, auto-assosiative neural network, denoising au-toencoder, dimensionality reduction, fault detection, nonlinear, novelty detection, spacecrafts}
}

@incollection{Dau2014AnomalyClass,
    title = {{Anomaly Detection Using Replicator Neural Networks Trained on Examples of One Class}},
    year = {2014},
    author = {Dau, Hoang Anh and Ciesielski, Vic and Song, Andy},
    month = {12},
    pages = {311--322},
    publisher = {Springer, Cham},
    url = {http://link.springer.com/10.1007/978-3-319-13563-2_27},
    doi = {10.1007/978-3-319-13563-2{\_}27}
}

@article{DozatIncorporatingAdam,
    title = {{Incorporating Nesterov Momentum into Adam}},
    author = {Dozat, Timothy},
    url = {http://cs229.stanford.edu/proj2015/054_report.pdf}
}

@article{1992KolmogorovsNetworks,
    title = {{Kolmogorov's theorem and multilayer neural networks}},
    year = {1992},
    journal = {Neural Networks},
    number = {3},
    month = {1},
    pages = {501--506},
    volume = {5},
    publisher = {Pergamon},
    url = {http://www.sciencedirect.com/science/article/pii/0893608092900128},
    doi = {10.1016/0893-6080(92)90012-8},
    issn = {0893-6080}
}

@article{Bluma1997SelectionMachine,
    title = {{Selection of relevant features and examples in machine}},
    year = {1997},
    journal = {Amficial Intelligence},
    author = {Bluma, Avrim L and Langley, Pat},
    pages = {245--271},
    volume = {97},
    url = {https://ac.els-cdn.com/S0004370297000635/1-s2.0-S0004370297000635-main.pdf?_tid=1cb7170c-e265-11e7-ab2f-00000aab0f6b&acdnat=1513431136_a11bc0fd83102eb484da915fb5873767},
    keywords = {Machine learning, Relevant examples, Relevant features}
}